<?xml version="1.0" encoding="UTF-8"?><collection xmlns="http://www.loc.gov/MARC21/slim"><record><leader>00567nam--2200181-i-4500</leader><controlfield tag="001">000036189</controlfield><controlfield tag="002">20161230</controlfield><controlfield tag="005">20161230201040</controlfield><controlfield tag="008">060222s1000------------r-----000-0-fre-d</controlfield><datafield ind1=" " ind2=" " tag="040"><subfield code="a">IFIN-HH</subfield></datafield><datafield ind1=" " ind2=" " tag="041"><subfield code="a">fre</subfield></datafield><datafield ind1=" " ind2=" " tag="080"><subfield code="a">539.17.01:539.125.46(043)</subfield></datafield><datafield ind1="1" ind2=" " tag="100"><subfield code="a">Nascimento, Ary</subfield></datafield><datafield ind1="1" ind2="0" tag="245"><subfield code="a">Application du formalisme d`helicite dans l`etude des annihilations d`antiprotons de 700 mev/c du type pp 2 2 n(zero) (n=0,1)</subfield><subfield code="b">These</subfield><subfield code="c">Ary nascimento</subfield></datafield><datafield ind1=" " ind2=" " tag="260"><subfield code="a">Paris</subfield><subfield code="b">Universite Paris</subfield><subfield code="c">1974</subfield></datafield><datafield ind1=" " ind2=" " tag="300"><subfield code="a">310P</subfield></datafield><datafield ind1=" " ind2=" " tag="852"><subfield code="a">44044</subfield><subfield code="c">539.17</subfield></datafield><datafield ind1=" " ind2=" " tag="CAT"><subfield code="a">Sys</subfield><subfield code="c">20120615</subfield><subfield code="h">114153</subfield></datafield></record></collection>